<?xml version="1.0" encoding="UTF-8"?><record xmlns="http://www.loc.gov/MARC21/slim" xmlns:cinclude="http://apache.org/cocoon/include/1.0" xmlns:zs="http://www.loc.gov/zing/srw/">
  <leader>00427nz  a2200121n  4500</leader>
  <controlfield tag="001">n 2010066943</controlfield>
  <controlfield tag="003">DLC</controlfield>
  <controlfield tag="005">20101008075227.0</controlfield>
  <controlfield tag="008">101007n| acannaabn          |n aaa      </controlfield>
  <datafield tag="010" ind1=" " ind2=" ">
    <subfield code="a">n 2010066943</subfield>
  </datafield>
  <datafield tag="040" ind1=" " ind2=" ">
    <subfield code="a">DLC</subfield>
    <subfield code="b">eng</subfield>
    <subfield code="c">DLC</subfield>
  </datafield>
  <datafield tag="100" ind1="1" ind2=" ">
    <subfield code="a">Hurtado, José.</subfield>
    <subfield code="t">Adagio y rondó clásico</subfield>
  </datafield>
  <datafield tag="670" ind1=" " ind2=" ">
    <subfield code="a">Camerata del Prado. Delicias españolas : música para orquesta de cuerda [SR] p2006:</subfield>
    <subfield code="b">container (Adagio y rondó clásico : para cuerda)</subfield>
  </datafield>
</record>